@misc{D64,
	title = {{D64 (Electronic form of a physical 1541 disk)}},
		howpublished = {\url{http://unusedino.de/ec64/technical/formats/d64.html}},
	note = {Pristupljeno: 20.9.2019}
}

@misc{Commodore1541Text,
	title = {{Commodore 1541}},
		howpublished = {\url{https://www.c64-wiki.com/wiki/Commodore_1541}},
	note = {Pristupljeno: 21.9.2019}
}

@misc{Commodore1541,
	title = {{Commodore 1541 Img}},
		howpublished = {\url{https://assets.catawiki.nl/assets/2018/9/2/c/e/9/ce9bdd48-747e-467e-b6a6-e8b76614f1ed.jpg}},
	note = {Pristupljeno: 21.9.2019}
}